@Book{Xie2018,
  author = 	 {Yihui Xie and J.J. Allaire and Garrett Grolemund},
  title = 	 {R Markdown, The Definitive Guide},
  publisher = 	 {Chapman and Hall/CRC},
  year = 	 2018,
  url = {https://bookdown.org/yihui/rmarkdown/}}

@Manual{R,
    title = {R: A Language and Environment for Statistical Computing},
    author = {{R Core Team}},
    organization = {R Foundation for Statistical Computing},
    address = {Vienna, Austria},
    year = {2017},
    url = {https://www.R-project.org/},
}

@book{Lafaye2013,
  title={The R Software: Fundamentals of Programming and Statistical Analysis},
  author={{Lafaye de Micheaux}, P. and Drouilhet, R. and Liquet, B.},
  isbn={9781461490203},
  series={Statistics and Computing},
  url={https://books.google.fr/books?id=Ji-8BAAAQBAJ},
  year={2013},
  publisher={Springer New York}
}

@misc{nswEnergyConsumption,
	title = {{E}nergy {C}onsumption | {N}{S}{W} {S}tate of the {E}nvironment --- soe.epa.nsw.gov.au},
    author = {www.soe.epa.nsw.gov.au},
	howpublished = {\url{https://www.soe.epa.nsw.gov.au/all-themes/human-settlement/energy-consumption}},
	year = {},
	note = {[Accessed 21-09-2024]}
}

@misc{nswEnergyConsumption2021,
	title = {{E}nergy {C}onsumption 2021 | {N}{S}{W} {S}tate of the {E}nvironment --- soe.epa.nsw.gov.au},
    author = {www.soe.epa.nsw.gov.au},
	howpublished = {\url{https://www.soe.epa.nsw.gov.au/all-themes/human-settlement/energy-consumption-2021}},
	year = {2021},
	note = {[Accessed 21-09-2024]}
}

@misc{nsw_epa_2021_energy_consumption,
  title        = {Energy Consumption 2021},
  author       = {{NSW EPA}},
  year         = {2021},
  url          = {https://www.soe.epa.nsw.gov.au/all-themes/human-settlement/energy-consumption-2021},
  note         = {Accessed: 2024-09-22}
}

@misc{AEMO,
	author = {{AEMO}},
	title = {Forecasting Approach â€“ Electricity Demand Forecasting Methodology},
	howpublished = {\url{https://aemo.com.au/-/media/files/electricity/nem/planning_and_forecasting/nem_esoo/2023/forecasting-approach_electricity-demand-forecasting-methodology_final.pdf}},
	year = {2022},
	note = {[Accessed 21-09-2024]}
}

@misc{nswAdaptNSW,
	author = {{Adapt NSW}},
	title = {{N}{S}{W} | {A}dapt{N}{S}{W} -- climatechange.environment.nsw.gov.au},
	howpublished = {\url{https://www.climatechange.environment.nsw.gov.au/my-region/nsw}},
	year = {2024},
	note = {[Accessed 21-09-2024]}
}

@misc{brownlee_2017_how,
  author = {Brownlee, Jason},
  month = {01},
  title = {How to Decompose Time Series Data into Trend and Seasonality},
  url = {https://machinelearningmastery.com/decompose-time-series-data-trend-seasonality/},
  year = {2017},
  organization = {Machine Learning Mastery}
}


@techreport{aemo2023forecasting,
  title        = {Forecasting Approach: Electricity Demand Forecasting Methodology},
  author       = {{Australian Energy Market Operator (AEMO)}},
  year         = {2023},
  url          = {https://aemo.com.au/-/media/files/electricity/nem/planning_and_forecasting/nem_esoo/2023/forecasting-approach_electricity-demand-forecasting-methodology_final.pdf},
  institution  = {Australian Energy Market Operator},
  note         = {Accessed: 2024-09-22}
}

@misc{wrigley_2019_peak,
  author = {Wrigley, Kelseigh},
  month = {07},
  title = {Peak and Off-Peak Electricity Times - Tariffs and Rates},
  url = {https://www.canstarblue.com.au/electricity/peak-off-peak-electricity-times/},
  year = {2019},
  organization = {Canstar Blue}
}

@misc{nist_2020_13512,
  author = {NIST, National Institute of Standards and Technology},
  title = {1.3.5.12. Autocorrelation},
  url = {https://www.itl.nist.gov/div898/handbook/eda/section3/eda35c.htm},
  year = {2020},
  organization = {Nist.gov}
}

@misc{thepennsylvaniastateuniversity_102,
  author = {The Pennsylvania State University, Pennstate Eberly College of Science},
  title = {10.2 - Autocorrelation and Time Series Methods - STAT 462},
  url = {https://online.stat.psu.edu/stat462/node/188/},
  organization = {online.stat.psu.edu}
}

@misc{a2024_nem,
  title = {NEM forecasting and planning guidelines},
  url = {https://aemo.com.au/en/energy-systems/electricity/national-electricity-market-nem/nem-forecasting-and-planning/forecasting-approach/forecasting-and-planning-guidelines},
  urldate = {2024-09-28},
  year = {2024},
  organization = {Aemo.com.au}
}

@misc{energygovau_2024_renewables,
  author = {Energy.gov.au - Department of Climate Change, Energy, the Environment and Water},
  month = {09},
  title = {Renewables | energy.gov.au},
  url = {https://www.energy.gov.au/energy-data/australian-energy-statistics/renewables#:~:text=In%202023%2C%2035%25%20of%20Australia},
  urldate = {2024-09-28},
  year = {2024},
  organization = {Energy.gov.au}
}